<?xml version="1.0" encoding="UTF-8"?><record xmlns="http://www.loc.gov/MARC21/slim" xmlns:cinclude="http://apache.org/cocoon/include/1.0" xmlns:zs="http://www.loc.gov/zing/srw/">
  <leader>00733cz  a2200205n  4500</leader>
  <controlfield tag="001">n  87855063 </controlfield>
  <controlfield tag="003">DLC</controlfield>
  <controlfield tag="005">20020126072922.0</controlfield>
  <controlfield tag="008">870904n| acannaabn          |a aaa      </controlfield>
  <datafield tag="010" ind1=" " ind2=" ">
    <subfield code="a">n  87855063 </subfield>
  </datafield>
  <datafield tag="035" ind1=" " ind2=" ">
    <subfield code="a">(OCoLC)oca01934105</subfield>
  </datafield>
  <datafield tag="040" ind1=" " ind2=" ">
    <subfield code="a">DLC</subfield>
    <subfield code="b">eng</subfield>
    <subfield code="c">DLC</subfield>
    <subfield code="d">DLC</subfield>
    <subfield code="d">WU</subfield>
    <subfield code="d">OCoLC</subfield>
  </datafield>
  <datafield tag="053" ind1=" " ind2="0">
    <subfield code="a">PG9621.J27</subfield>
  </datafield>
  <datafield tag="100" ind1="1" ind2=" ">
    <subfield code="a">Jakova, Kolë,</subfield>
    <subfield code="d">1915-</subfield>
  </datafield>
  <datafield tag="400" ind1="1" ind2=" ">
    <subfield code="w">nnaa</subfield>
    <subfield code="a">Jakova, Kolë,</subfield>
    <subfield code="d">1917-</subfield>
  </datafield>
  <datafield tag="400" ind1="1" ind2=" ">
    <subfield code="a">Jakova, K.</subfield>
    <subfield code="q">(Kolë),</subfield>
    <subfield code="d">1915-</subfield>
  </datafield>
  <datafield tag="670" ind1=" " ind2=" ">
    <subfield code="a">Vepra letrare, 1986:</subfield>
    <subfield code="b">v. 1-7, t.p. (Kolë Jakova) v. 1, p. 5 (b. 11/25/15)</subfield>
  </datafield>
  <datafield tag="670" ind1=" " ind2=" ">
    <subfield code="a">Fjalori enc. shqiptar, 1985</subfield>
    <subfield code="b">(Jakova, Kolë; b. 1916)</subfield>
  </datafield>
  <datafield tag="670" ind1=" " ind2=" ">
    <subfield code="a">LC data base, 9-1-87</subfield>
    <subfield code="b">(hdg.: Jakova, Kolë, 1917- )</subfield>
  </datafield>
  <datafield tag="670" ind1=" " ind2=" ">
    <subfield code="a">Kulla buze liqenit, 1984:</subfield>
    <subfield code="b">t.p. (Kolë Jakova) colophon (Jakova, K.)</subfield>
  </datafield>
</record>